<record><leader>00000cas a22000007a 4500</leader><controlfield tag="001">25065418</controlfield><controlfield tag="008">920108c19589999nhuqx ne      0    0fre d</controlfield><datafield ind1=" " ind2=" " tag="010"><subfield code="a">sn 92056702 </subfield></datafield><datafield ind1=" " ind2=" " tag="040"><subfield code="a">MGN</subfield><subfield code="b">eng</subfield><subfield code="c">MGN</subfield><subfield code="d">OCLCQ</subfield></datafield><datafield ind1="0" ind2=" " tag="041"><subfield code="a">freeng</subfield></datafield><datafield ind1=" " ind2=" " tag="043"><subfield code="a">n-us-nh</subfield></datafield><datafield ind1="0" ind2="3" tag="245"><subfield code="a">La Voix franc&#807;aise de Rivier.</subfield></datafield><datafield ind1=" " ind2=" " tag="260"><subfield code="a">Nashua, N.H. :</subfield><subfield code="b">Colle&#768;ge Rivier</subfield></datafield><datafield ind1=" " ind2=" " tag="300"><subfield code="a">v.</subfield></datafield><datafield ind1=" " ind2=" " tag="310"><subfield code="a">Five times during the academic year,</subfield><subfield code="b">1959-</subfield></datafield><datafield ind1=" " ind2=" " tag="321"><subfield code="a">Monthly,</subfield><subfield code="b">oct.-de&#769;c. 1958</subfield></datafield><datafield ind1="0" ind2=" " tag="362"><subfield code="a">Vol. 1, no. 1 (oct. 1958)-</subfield></datafield><datafield ind1=" " ind2=" " tag="546"><subfield code="a">In French with occasional English.</subfield></datafield><datafield ind1=" " ind2="0" tag="650"><subfield code="a">French-Canadians</subfield><subfield code="z">New Hampshire</subfield><subfield code="v">Newspapers.</subfield></datafield><datafield ind1="2" ind2=" " tag="710"><subfield code="a">Colle&#768;ge Rivier (Nashua, N.H.)</subfield></datafield><datafield ind1=" " ind2=" " tag="752"><subfield code="a">United States</subfield><subfield code="b">New Hampshire</subfield><subfield code="c">Hillsborough</subfield><subfield code="d">Nashua.</subfield></datafield></record>